<collection xmlns="http://www.loc.gov/MARC21/slim">
<record>
  <leader>01592nam0a2200301 i 450 </leader>
  <controlfield tag="001">IT\ICCU\CNCE\035324</controlfield>
  <controlfield tag="005">20130726000000.0</controlfield>
  <datafield tag="012" ind1=" " ind2=" ">
    <subfield code="a">siu- b-ri umm. trri (3) 1571 (R)</subfield>
    <subfield code="2">fei</subfield>
  </datafield>
  <datafield tag="100" ind1=" " ind2=" ">
    <subfield code="a">19980110d1571        0itac0103    ba</subfield>
  </datafield>
  <datafield tag="101" ind1=" " ind2=" ">
    <subfield code="a">LAT</subfield>
  </datafield>
  <datafield tag="102" ind1=" " ind2=" ">
    <subfield code="a">IT</subfield>
  </datafield>
  <datafield tag="200" ind1="1" ind2=" ">
    <subfield code="a">℗D. Ioannis Iusti Lanspergii Chartusiani ℗Pharetrae diuini amoris adfectiuae libri duo, variis orationibus ignitisque ad Deum, ad Deiparam Virginem Mariam, caeterosque sanctos, variis item spiritualibus exercitiis refertissimi, breujori hac forma ad legentium commodiorem usum, nunc primum in lucem editi</subfield>
  </datafield>
  <datafield tag="210" ind1=" " ind2=" ">
    <subfield code="a">Romae</subfield>
    <subfield code="d">1571</subfield>
    <subfield code="e">Romae</subfield>
    <subfield code="g">apud Victorium Haelianum</subfield>
    <subfield code="h">1571</subfield>
  </datafield>
  <datafield tag="215" ind1=" " ind2=" ">
    <subfield code="a">\4!, 234 \ma 224! c.</subfield>
    <subfield code="d">8ʻ</subfield>
  </datafield>
  <datafield tag="620" ind1=" " ind2=" ">
    <subfield code="a">IT</subfield>
    <subfield code="d">Roma</subfield>
  </datafield>
  <datafield tag="700" ind1=" " ind2="1">
    <subfield code="a">Landsberg,</subfield>
    <subfield code="b">Johann</subfield>
    <subfield code="3">IT\ICCU\CNCA\007212</subfield>
  </datafield>
  <datafield tag="712" ind1="0" ind2="0">
    <subfield code="a">Eliano, Vittorio</subfield>
    <subfield code="3">IT\ICCU\CNCT\000532</subfield>
    <subfield code="4">650</subfield>
  </datafield>
  <datafield tag="790" ind1=" " ind2="1">
    <subfield code="a">Lanspergius,</subfield>
    <subfield code="b">Ioannes Iustus</subfield>
    <subfield code="3">IT\ICCU\CNCA\016052</subfield>
    <subfield code="z">Landsberg, Johann</subfield>
  </datafield>
  <datafield tag="790" ind1=" " ind2="1">
    <subfield code="a">Justus,</subfield>
    <subfield code="b">Johannes</subfield>
    <subfield code="3">IT\ICCU\CNCA\016053</subfield>
    <subfield code="z">Landsberg, Johann</subfield>
  </datafield>
  <datafield tag="790" ind1=" " ind2="1">
    <subfield code="a">Landsperger,</subfield>
    <subfield code="b">Johann</subfield>
    <subfield code="3">IT\ICCU\CNCA\016054</subfield>
    <subfield code="z">Landsberg, Johann</subfield>
  </datafield>
  <datafield tag="790" ind1=" " ind2="0">
    <subfield code="a">Jean</subfield>
    <subfield code="c"> : de#Landsberg</subfield>
    <subfield code="3">IT\ICCU\CNCA\020266</subfield>
    <subfield code="z">Landsberg, Johann</subfield>
  </datafield>
  <datafield tag="791" ind1="0" ind2="0">
    <subfield code="a">Helianus, Victorius</subfield>
    <subfield code="3">IT\ICCU\CNCT\002722</subfield>
    <subfield code="z">Eliano, Vittorio</subfield>
  </datafield>
  <datafield tag="791" ind1="0" ind2="0">
    <subfield code="a">Aelianus, Victorius</subfield>
    <subfield code="3">IT\ICCU\CNCT\003782</subfield>
    <subfield code="z">Eliano, Vittorio</subfield>
  </datafield>
  <datafield tag="791" ind1="0" ind2="0">
    <subfield code="a">Romanus, Victorius</subfield>
    <subfield code="3">IT\ICCU\CNCT\006313</subfield>
    <subfield code="z">Eliano, Vittorio</subfield>
  </datafield>
  <datafield tag="801" ind1=" " ind2="3">
    <subfield code="a">IT</subfield>
    <subfield code="b">ICCU</subfield>
    <subfield code="c">20201114</subfield>
  </datafield>
  <datafield tag="899" ind1=" " ind2=" ">
    <subfield code="a">Biblioteca provinciale dei Cappuccini. Firenze</subfield>
    <subfield code="1">FI0041</subfield>
    <subfield code="2">RT1 PC</subfield>
  </datafield>
  <datafield tag="899" ind1=" " ind2=" ">
    <subfield code="a">Biblioteca della Societ ̉economica. Chiavari</subfield>
    <subfield code="1">GE0011</subfield>
    <subfield code="2">LI3 30</subfield>
  </datafield>
  <datafield tag="899" ind1=" " ind2=" ">
    <subfield code="a">Biblioteca comunale. Terni</subfield>
    <subfield code="1">TR0032</subfield>
    <subfield code="2">UM1 09</subfield>
  </datafield>
</record>
</collection>
